@online{amazonPromptCloud, title={Amazon Product Dataset 2020}, url={https://www.kaggle.com/datasets/promptcloud/amazon-product-dataset-2020}, journal={Kaggle}, author={PromptCloud}, year={2020}, month={Sep}} 

@online{nllb,title={facebook/nllb-200-distilled-600M · Hugging Face},  url={https://huggingface.co/facebook/nllb-200-distilled-600M},  year={2024},  month={Feb} }

@online{Hugging_Face, title={Fine-tune a pretrained model}, url={https://huggingface.co/docs/transformers/en/training}, author={Hugging Face}}

 @misc{baccouri, title={deep-translator: A flexible free and unlimited python tool to translate between different languages in a simple way using multiple translators}, url={https://pypi.org/project/deep-translator/#google-translate-1}, journal={PyPI}, author={Baccouri, Nidhal} }

@article{flach_2019, title={Performance Evaluation in Machine Learning: The Good, the Bad, the Ugly, and the Way Forward}, volume={33}, DOI={https://doi.org/10.1609/aaai.v33i01.33019808}, journal={Proceedings of the AAAI Conference on Artificial Intelligence}, author={Flach, Peter}, year={2019}, month={Jul}, pages={9808–9814} }

 @misc{nltk.align.bleu_score_nltk_3.0_documentation, url={https://www.nltk.org/_modules/nltk/align/bleu_score.html}, journal={www.nltk.org} }

 @article{gauch_hwang_fick_2003, title={Model Evaluation by Comparison of Model‐Based Predictions and Measured Values}, volume={95}, DOI={https://doi.org/10.2134/agronj2003.1442}, number={6}, journal={Agronomy Journal}, author={Gauch, Hugh G. and Hwang, J. T. Gene and Fick, Gary W.}, year={2003}, month={Nov}, pages={1442–1446} }

 @misc{koishekenov_berard_nikoulina_2023, title={Memory-efficient NLLB-200: Language-specific Expert Pruning of a Massively Multilingual Machine Translation Model}, url={https://arxiv.org/abs/2212.09811}, DOI={https://doi.org/10.48550/arXiv.2212.09811}, journal={arXiv.org}, author={Koishekenov, Yeskendir and Berard, Alexandre and Nikoulina, Vassilina}, year={2023}, month={Jul} }

 @misc{best_web_scraping_services_provider_company_2021, url={https://www.promptcloud.com/}, journal={PromptCloud}, year={2021}, month={Sep} }

 @article{min_ross_elior_sulem_veyseh_thien_huu_nguyen_sainz_agirre_heintz_roth_2023, title={Recent Advances in Natural Language Processing via Large Pre-Trained Language Models: A Survey}, volume={56}, DOI={https://doi.org/10.1145/3605943}, number={2}, journal={ACM Computing Surveys}, author={Min, Bonan and Ross, Hayley and Elior Sulem and Veyseh, Ben and Thien Huu Nguyen and Sainz, Oscar and Agirre, Eneko and Heintz, Ilana and Roth, Dan}, year={2023}, month={Jun} }


 @book{papineni_roukos_ward_zhu_2002, title={BLEU: a Method for Automatic Evaluation of Machine Translation}, url={https://aclanthology.org/P02-1040.pdf}, author={Papineni, Kishore and Roukos, Salim and Ward, Todd and Zhu, Wei-Jing}, year={2002}, month={Jul} }


 @misc{sutrisno_2020, title={The Accuracy and Shortcomings of Google Translate Translating English Sentences to Indonesia}, url={https://papers.ssrn.com/sol3/papers.cfm?abstract_id=3747888}, journal={Ssrn.com}, author={Sutrisno, Adi}, year={2020}, month={Dec} }

 @article{mathur_baldwin_cohn_2020, title={Tangled up in BLEU: Reevaluating the Evaluation of Automatic Machine
  Translation Evaluation Metrics}, DOI={https://doi.org/10.48550/arxiv.2006.06264}, journal={arXiv (Cornell University)}, publisher={Cornell University}, author={Mathur, Nitika and Baldwin, Timothy and Cohn, Trevor}, year={2020}, month={Jun} }

 @article{goldreich_2008, title={Computational complexity}, volume={39}, DOI={https://doi.org/10.1145/1412700.1412710}, number={3}, journal={ACM SIGACT News}, author={Goldreich, Oded}, year={2008}, month={Sep}, pages={35} }

 @book{moore_lewis_2010, title={Intelligent Selection of Language Model Training Data}, url={https://aclanthology.org/P10-2041.pdf}, institution={Association for Computational Linguistics}, author={Moore, Robert and Lewis, William}, year={2010}, pages={11–16} }

 @article{demillo_lipton_sayward_1978, title={Hints on Test Data Selection: Help for the Practicing Programmer}, volume={11}, DOI={https://doi.org/10.1109/c-m.1978.218136}, number={4}, journal={Computer}, author={DeMillo, R.A. and Lipton, R.J. and Sayward, F.G.}, year={1978}, month={Apr}, pages={34–41} }