@inproceedings{DBLP:conf/bigdataconf/LalwaniSK15,
  author    = {Deepika Lalwani and
               Durvasula V. L. N. Somayajulu and
               P. Radha Krishna},
  title     = {A community driven social recommendation system},
  booktitle = {International Conference on Big Data 2015},
}
@inproceedings{DBLP:conf/sigmod/HuYCX15,
  author    = {Zhiting Hu and
               Junjie Yao and
               Bin Cui and
               Eric P. Xing},
  title     = {Community Level Diffusion Extraction},
  booktitle = {Proceedings of the 2015 {ACM} {SIGMOD} International Conference on
               Management of Data, Melbourne, Victoria, Australia, May 31 - June
               4, 2015},
  pages     = {1555--1569},
  year      = {2015}
}
@article{mcpherson2001birds,
  author = {McPherson, Miller and Smith-Lovin, Lynn and Cook, James M.},
  description = {JSTOR: Annual Review of Sociology, Vol. 27 (2001), pp. 415-444},
  journal = {Annual Review of Sociology},
  pages = {pp. 415-444},
  publisher = {Annual Reviews},
  title = {Birds of a Feather: Homophily in Social Networks},
  volume = 27,
  year = 2001
}
@article{Fortunato201075,
title = "Community detection in graphs",
journal = "Physics Reports",
volume = "486",
number = "3/5",
pages = "75 - 174",
year = "2010",
note = "",
issn = "0370-1573",
author = "Santo Fortunato",
}

@article{DBLP:journals/tist/YinCGH12,
  author    = {Zhijun Yin and
               Liangliang Cao and
               Quanquan Gu and
               Jiawei Han},
  title     = {Latent Community Topic Analysis: Integration of Community Discovery
               with Topic Modeling},
  journal   = {{ACM} {TIST}},
  volume    = {3},
  number    = {4},
  pages     = {63:1--63:21},
  year      = {2012},
  url       = {http://doi.acm.org/10.1145/2337542.2337548},
  doi       = {10.1145/2337542.2337548},
  timestamp = {Mon, 05 Jun 2017 13:20:22 +0200},
  biburl    = {http://dblp.uni-trier.de/rec/bib/journals/tist/YinCGH12},
  bibsource = {dblp computer science bibliography, http://dblp.org}
}
@inproceedings{DBLP:conf/www/SachanCFS12,
  author    = {Mrinmaya Sachan and
               Danish Contractor and
               Tanveer A. Faruquie and
               L. Venkata Subramaniam},
  title     = {Using content and interactions for discovering communities in social
               networks},
  booktitle = {The 21st World Wide Web Conference 2012, {WWW} 2012},
  }
@article{DBLP:journals/www/PengLH15,
  author    = {Dunlu Peng and
               Xie Lei and
               Ting Huang},
  title     = {{DICH:} {A} framework for discovering implicit communities hidden
               in tweets},
  journal   = {World Wide Web},
  volume    = {18},
  number    = {4},
  pages     = {795--818},
  year      = {2015},
  }
@inproceedings{DBLP:conf/sigir/ZhuYCG07,
  author    = {Shenghuo Zhu and
               Kai Yu and
               Yun Chi and
               Yihong Gong},
  title     = {Combining content and link for classification using matrix factorization},
  booktitle = {{SIGIR} 2007: Proceedings of the 30th Annual International {ACM} {SIGIR}
               Conference on Research and Development in Information Retrieval, Amsterdam,
               The Netherlands, July 23-27, 2007},
  pages     = {487--494},
  year      = {2007}
}
@article{DBLP:journals/joi/Ding11a,
  author    = {Ying Ding},
  title     = {Community detection: Topological vs. topical},
  journal   = {J. Informetrics},
  volume    = {5},
  number    = {4},
  pages     = {498--514},
  year      = {2011},
  url       = {https://doi.org/10.1016/j.joi.2011.02.006},
  doi       = {10.1016/j.joi.2011.02.006},
  timestamp = {Sun, 28 May 2017 13:23:30 +0200},
  biburl    = {http://dblp.uni-trier.de/rec/bib/journals/joi/Ding11a},
  bibsource = {dblp computer science bibliography, http://dblp.org}
}
@article{DBLP:journals/tois/YinCCHZ15,
  author    = {Hongzhi Yin and
               Bin Cui and
               Ling Chen and
               Zhiting Hu and
               Xiaofang Zhou},
  title     = {Dynamic User Modeling in Social Media Systems},
  journal   = {{ACM} Trans. Inf. Syst.},
  volume    = {33},
  number    = {3},
  pages     = {10:1--10:44},
  year      = {2015}
}
@inproceedings{DBLP:conf/fuzzIEEE/ZhangWZL16,
  author    = {Qian Zhang and
               Dianshuang Wu and
               Guangquan Zhang and
               Jie Lu},
  title     = {Fuzzy user-interest drift detection based recommender systems},
  booktitle = {FUZZ-IEEE 2016},
}
@article{DBLP:journals/eswa/RafailidisKM17,
  author    = {Dimitrios Rafailidis and
               Pavlos Kefalas and
               Yannis Manolopoulos},
  title     = {Preference dynamics with multimodal user-item interactions in social
               media recommendation},
  journal   = {Expert Syst. Appl.},
  volume    = {74},
  pages     = {11--18},
  year      = {2017},
  url       = {https://doi.org/10.1016/j.eswa.2017.01.005},
  doi       = {10.1016/j.eswa.2017.01.005},
  timestamp = {Fri, 26 May 2017 22:54:18 +0200},
  biburl    = {http://dblp.uni-trier.de/rec/bib/journals/eswa/RafailidisKM17},
  bibsource = {dblp computer science bibliography, http://dblp.org}
}
@inproceedings{DBLP:conf/aaai/HuYC14,
  author    = {Zhiting Hu and
               Junjie Yao and
               Bin Cui},
  title     = {User Group Oriented Temporal Dynamics Exploration},
  booktitle = {The 28th {AAAI} Conference on Artificial Intelligence, 2014},
}
@article{DBLP:journals/ci/FaniBZZD17,
  author    = {Hossein Fani and
               Ebrahim Bagheri and
               Fattane Zarrinkalam and
               Xin Zhao and
        Weichang Du},
  title     = {Finding Diachronic Like-Minded Users},
  journal   = {Computational Intelligence: An International Journal},
  year      = {2017},
  publisher = {Wiley Periodicals, Inc.}

}
@inproceedings{DBLP:conf/kdd/GroverL16,
  author    = {Aditya Grover and
               Jure Leskovec},
  title     = {node2vec: Scalable Feature Learning for Networks},
  booktitle = {KDD 2016},
}
@inproceedings{DBLP:conf/kdd/PerozziAS14,
  author    = {Bryan Perozzi and
               Rami Al{-}Rfou and
               Steven Skiena},
  title     = {DeepWalk: online learning of social representations},
  booktitle = {KDD 2014},
}
@article{10.1371/journal.pone.0141287,
    author = {Asgari, Ehsaneddin AND Mofrad, Mohammad R. K.},
    journal = {PLOS ONE},
    publisher = {Public Library of Science},
    title = {Continuous Distributed Representation of Biological Sequences for Deep Proteomics and Genomics},
    year = {2015},
    month = {11},
    volume = {10},
    pages = {1-15},
    number = {11},
}
@inproceedings{DBLP:conf/iccv/RamanathanTML15,
  author    = {Vignesh Ramanathan and
               Kevin D. Tang and
               Greg Mori and
               Fei{-}Fei Li},
  title     = {Learning Temporal Embeddings for Complex Video Analysis},
  booktitle = {ICCV 2015}
}
@article{DBLP:journals/corr/abs-1301-3781,
  author    = {Tomas Mikolov and
               Kai Chen and
               Greg Corrado and
               Jeffrey Dean},
  title     = {Efficient Estimation of Word Representations in Vector Space},
  journal   = {CoRR},
  volume    = {abs/1301.3781},
  year      = {2013},
}
@inproceedings{DBLP:conf/nips/MikolovSCCD13,
  author    = {Tomas Mikolov and
               Ilya Sutskever and
               Kai Chen and
               Gregory S. Corrado and
               Jeffrey Dean},
  title     = {Distributed Representations of Words and Phrases and their Compositionality},
  booktitle = {NIPS 2013}
}
@inproceedings{DBLP:conf/www/JGGVP16,
  author    = {Ganesh J and
               Soumyajit Ganguly and
               Manish Gupta and
               Vasudeva Varma and
               Vikram Pudi},
  title     = {Author2Vec: Learning Author Representations by Combining Content and
               Link Information},
  booktitle = {WWW 2016}
  }
@inproceedings{DBLP:conf/acl/BentonAD16,
  author    = {Adrian Benton and
               Raman Arora and
               Mark Dredze},
  title     = {Learning Multiview Embeddings of Twitter Users},
  booktitle = {ACL 2016}
}
@inproceedings{DBLP:conf/ictai/ChenQZY16,
  author    = {Li Chen and
               Tieyun Qian and
               Peisong Zhu and
               Zhenni You},
  title     = {Learning User Embedding Representation for Gender Prediction},
  booktitle = {ICTAI 2016}
}
@inproceedings{DBLP:conf/conll/AmirWLCS16,
  author    = {Silvio Amir and
               Byron C. Wallace and
               Hao Lyu and
               Paula Carvalho and
               M{\'{a}}rio J. Silva},
  title     = {Modelling Context with User Embeddings for Sarcasm Detection in Social
               Media},
  booktitle = {CoNLL 2016},
}
@inproceedings{DBLP:conf/acl/YuWZ16,
  author    = {Yang Yu and
               Xiaojun Wan and
               Xinjie Zhou},
  title     = {User Embedding for Scholarly Microblog Recommendation},
  booktitle = {ACL 2016},
}
@article{DBLP:journals/jmlr/BleiNJ03,
  author    = {David M. Blei and
               Andrew Y. Ng and
               Michael I. Jordan},
  title     = {Latent Dirichlet Allocation},
  journal   = {Journal of Machine Learning Research},
  volume    = {3},
  pages     = {993--1022},
  year      = {2003},
}
@inproceedings{DBLP:conf/ecir/ZarrinkalamFBK17,
  author    = {Fattane Zarrinkalam and
               Hossein Fani and
               Ebrahim Bagheri and
               Mohsen Kahani},
  title     = {Predicting Users' Future Interests on Twitter},
  booktitle = {ECIR 2017}
}
@inproceedings{DBLP:conf/ecir/ZarrinkalamFBK16,
  author    = {Fattane Zarrinkalam and
               Hossein Fani and
               Ebrahim Bagheri and
               Mohsen Kahani},
  title     = {Inferring Implicit Topical Interests on Twitter},
  booktitle = {ECIR 2016},
}
@inproceedings{DBLP:conf/sigmod/ZhaoZ05,
  author    = {Lizhuang Zhao and
               Mohammed Javeed Zaki},
  title     = {TriCluster: An Effective Algorithm for Mining Coherent Clusters in
               3D Microarray Data},
  booktitle = {SIGMOD 2005},
}
@inproceedings{DBLP:conf/aistats/MorinB05,
  author    = {Frederic Morin and
               Yoshua Bengio},
  title     = {Hierarchical Probabilistic Neural Network Language Model},
  booktitle = {AISTATS 2005},
}
@article{1742-5468-2008-10-P10008,
  author={Vincent D Blondel and Jean-Loup Guillaume and Renaud Lambiotte and Etienne Lefebvre},
  title={Fast unfolding of communities in large networks},
  journal={Journal of Statistical Mechanics: Theory and Experiment},
  volume={2008},
  number={10},
  pages={P10008},
  year={2008}
}
@inproceedings{DBLP:conf/um/AbelGHT11,
  author    = {Fabian Abel and
               Qi Gao and
               Geert{-}Jan Houben and
               Ke Tao},
  title     = {Analyzing User Modeling on Twitter for Personalized News Recommendations},
  booktitle = {UMAP 2011},
}

@incollection{escri/ZarrinkalamB17,
  author    = {Fattane Zarrinkalam and Ebrahim Bagheri },
  title     = {Event identification in social networks},
  booktitle   = {Encyclopedia with Semantic Computing and Robotic Intelligence},
  volume    = {01},
  number = {01},
  pages     = {1630002 [7]},
  year      = {2017},
  }
@inproceedings{DBLP:conf/cikm/FerraginaS10,
  author    = {Paolo Ferragina and
               Ugo Scaiella},
  title     = {{TAGME:} on-the-fly annotation of short text fragments (by wikipedia
               entities)},
  booktitle = {CIKM 2010}
}
@inproceedings{DBLP:conf/wims/PetkosPASK14,
  author    = {Georgios Petkos and
               Symeon Papadopoulos and
               Luca Maria Aiello and
               Ryan Skraba and
               Yiannis Kompatsiaris},
  title     = {A soft frequent pattern mining approach for textual topic detection},
  booktitle = {WIMS 2014},
}
@inproceedings{DBLP:conf/inex/NayakVKGDG09,
  author    = {Richi Nayak and
               Christopher M. De Vries and
               Sangeetha Kutty and
               Shlomo Geva and
               Ludovic Denoyer and
               Patrick Gallinari},
  title     = {Overview of the {INEX} 2009 {XML} Mining Track: Clustering and Classification
               of {XML} Documents},
  booktitle = {Focused Retrieval and Evaluation, 8th International Workshop of the
               Initiative for the Evaluation of {XML} Retrieval, {INEX} 2009},
}
@article{DBLP:journals/corr/abs-1208-5654,
  author    = {Christopher M. De Vries and
               Shlomo Geva and
               Andrew Trotman},
  title     = {Document Clustering Evaluation: Divergence from a Random Baseline},
  journal   = {CoRR},
  volume    = {abs/1208.5654},
  year      = {2012},
}
@article{rand1971,
  added-at = {2006-03-21T11:09:44.000+0100},
  author = {Rand, W.M.},
  journal = {Journal of the American Statistical Association },
  keywords = {cluster clustering criteria evaluation index rand},
  number = 336,
  pages = {846-850},
  title = {Objective criteria for the evaluation of clustering methods},
  volume = 66,
  year = 1971
}
@ARTICLE{2005JSMTE..09..008D,
   author = {{Danon}, L. and {D{\'{\i}}az-Guilera}, A. and {Duch}, J. and 
	{Arenas}, A.},
    title = "{Comparing community structure identification}",
  journal = {Journal of Statistical Mechanics: Theory and Experiment},
     year = 2005,
   volume = 9,
    pages = {09008},
}
@article{Girvan02communityStructure,
  author = {Girvan, M. and Newman, M. E. J.},
  journal = {PNAS},
  number = 12,
  pages = {7821-7826},
  title = {Community structure in social and biological networks},
  volume = 99,
  year = 2002
}
@inproceedings{Moradi2012,
author="Moradi, Farnaz
and Olovsson, Tomas
and Tsigas, Philippas",
title="An Evaluation of Community Detection Algorithms on Large-Scale Email Traffic",
bookTitle="SEA 2012",
year="2012",
}
